%%%%%%%%%%%%%%%%%%%%%%%%%%%%%%%%%     intro - motivation       %%%%%%%%%%%%%%%%%%%%%%%%%%%%%%%%%%%


@INPROCEEDINGS{Geiger2012CVPR,
  author = {Andreas Geiger and Philip Lenz and Raquel Urtasun},
  title = {Are we ready for Autonomous Driving? The KITTI Vision Benchmark Suite},
  booktitle = {Conference on Computer Vision and Pattern	Recognition (CVPR)},
  year = {2012}
}








%%%%%%%%%%%%%%%%%%%%%%%%%%%%%%%%%     autonomous driving      %%%%%%%%%%%%%%%%%%%%%%%%%%%%%%%%

@Article{pawtc,
  title         = {Phantom Auto will tour city},
  journal       = {The Milwaukee Sentinel. Google News Archive},
  year =         {1926},
  month =        {Dec},
  url = {https://news.google.com/newspapers?id=unBQAAAAIBAJ&sjid=QQ8EAAAAIBAJ&pg=7304,3766749}
}

@incollection{NIPS1988_95,
title = {ALVINN: An Autonomous Land Vehicle in a Neural Network},
author = {Pomerleau, Dean A.},
booktitle = {Advances in Neural Information Processing Systems 1},
editor = {D. S. Touretzky},
pages = {305--313},
year = {1989},
publisher = {Morgan-Kaufmann},
url = {http://papers.nips.cc/paper/95-alvinn-an-autonomous-land-vehicle-in-a-neural-network.pdf}
}

@inproceedings{Kanade:1986:ALV:324634.325197,
 author = {Kanade, Takeo and Thorpe, Chuck and Whittaker, William},
 title = {Autonomous Land Vehicle Project at CMU},
 booktitle = {Proceedings of the 1986 ACM Fourteenth Annual Conference on Computer Science},
 series = {CSC '86},
 year = {1986},
 isbn = {0-89791-177-6},
 location = {Cincinnati, Ohio, USA},
 pages = {71--80},
 numpages = {10},
 url = {http://doi.acm.org/10.1145/324634.325197},
 doi = {10.1145/324634.325197},
 acmid = {325197},
 publisher = {ACM},
 address = {New York, NY, USA},
}

@misc{schj,
  author =       " Schmidhuber, JÃ¼rgen",
  year =         "2009",
  title =        "Prof. Schmidhuber's highlights of robot car history ",
  url =          "http://people.idsia.ch/~juergen/robotcars.html",
  lastaccessed = "Mar 06, 2018",
 howpublished={\url{http://people.idsia.ch/~juergen/robotcars.html}}
}

@misc{parkshuttle,
  author =       " University of Washington",
  year =         "2009",
  title =        "Park shuttle automated driverless vehicle",
  url =          "http://people.idsia.ch/~juergen/robotcars.html",
  lastaccessed = "Mar 06, 2018",
  howpublished={\url{http://faculty.washington.edu/jbs/itrans/parkshut.htm}}
}

@misc{nohand,
  title =  "No Hands Across America Home Page",
  lastaccessed = "Mar 06, 2018",
  howpublished={\url{http://www.cs.cmu.edu/afs/cs/usr/tjochem/www/nhaa/nhaa_home_page.html}}
}

@manual{J3016_201401,
author={, },
title={Taxonomy and Definitions for Terms Related to On-Road Motor Vehicle Automated Driving Systems},
month={Jan},
year={2014},
doi={https://doi.org/10.4271/J3016_201401},
url={https://doi.org/10.4271/J3016_201401},
}


@Inbook{Buehler2007,
  author = { K., Singh, S., Buehler, M., Iagnemma },
  title =        "The 2005 DARPAvGrand Challenge: The Great Robot  Race",
  year =         "2007",
  volume =       "36",
  edition =      "1st.",
  publisher =    "Springer",
}

@Inbook{Buehler2009,
author = { K., Singh, S., Buehler, M., Iagnemma},
  title =        "The DARPA Urban Challenge: Autonomous Vehicles in City Traffic",
  year =         "2009",
  volume =       "56",
  edition =      "1st.",
  publisher =    "Springer",
}

@article{DBLP:journals/corr/JanaiGBG17,
  author    = {Joel Janai and
               Fatma G{\"{u}}ney and
               Aseem Behl and
               Andreas Geiger},
  title     = {Computer Vision for Autonomous Vehicles: Problems, Datasets and State-of-the-Art},
  journal   = {CoRR},
  volume    = {abs/1704.05519},
  year      = {2017},
  url       = {http://arxiv.org/abs/1704.05519},
  archivePrefix = {arXiv},
  eprint    = {1704.05519},
  timestamp = {Wed, 07 Jun 2017 14:42:53 +0200},
  biburl    = {https://dblp.org/rec/bib/journals/corr/JanaiGBG17},
  bibsource = {dblp computer science bibliography, https://dblp.org}
}

@online{historyad,
  title =        "History of Autonomous Cars",
  url =          "https://en.wikipedia.org/wiki/History_of_autonomous_cars#cite_note-106",
  lastaccessed = "Mar 06, 2018",
 howpublished={\url{https://en.wikipedia.org/wiki/History_of_autonomous_cars#cite_note-106l}}
 OPTorganization = {"Wikipedia"}
}

@Inbook{newlet00,
  author =       "N.  Zheng, J., Xin, C., Wang, Z., Zhang",
  title =        "China future challenge: Beyond the  intelligent vehicle",
  year =         "2014",
  volume =       "16",
  publisher =    "IEEE Intell. Transp. Syst. Soc. Newslett",
  pages =        "8-10",
}

@article{doi:10.1504/IJVAS.2012.051250,
author = {Alberto Broggi and Pietro Cerri and Mirko Felisa and Maria Chiara Laghi and Luca Mazzei and Pier Paolo Porta},
title = {The VisLab Intercontinental Autonomous Challenge: an extensive test for a platoon of intelligent vehicles},
journal = {International Journal of Vehicle Autonomous Systems},
volume = {10},
number = {3},
pages = {147-164},
year = {2012},
doi = {10.1504/IJVAS.2012.051250},

URL = { 
        https://www.inderscienceonline.com/doi/abs/10.1504/IJVAS.2012.051250
    
},
eprint = { 
        https://www.inderscienceonline.com/doi/pdf/10.1504/IJVAS.2012.051250
    
}
}



% %%%%%%%%%%%%%%%%%%%%%%%%%%%%%%%%      the deep learning       %%%%%%%%%%%%%%%%%%%%%%%%%%%%%%%%

@ARTICLE{6472238,
author={Y. Bengio and A. Courville and P. Vincent},
journal={IEEE Transactions on Pattern Analysis and Machine Intelligence},
title={Representation Learning: A Review and New Perspectives},
year={2013},
volume={35},
number={8},
pages={1798-1828},
keywords={artificial intelligence;data structures;probability;unsupervised learning;AI;autoencoders;data representation;density estimation;geometrical connections;machine learning algorithms;manifold learning;probabilistic models;representation learning;unsupervised feature learning;Abstracts;Feature extraction;Learning systems;Machine learning;Manifolds;Neural networks;Speech recognition;Boltzmann machine;Deep learning;autoencoder;feature learning;neural nets;representation learning;unsupervised learning;Algorithms;Artificial Intelligence;Humans;Neural Networks (Computer)},
doi={10.1109/TPAMI.2013.50},
ISSN={0162-8828},
month={Aug},}

@misc{nndd,
  author =       "Michael Nielsen",
  year =         "2017 ",
  title =       "Neural Networks and Deep Learning",
  url =          "http://neuralnetworksanddeeplearning.com/chap6.html",
  month = "Dec."
  lastaccessed = "Mar 06, 2018",
 howpublished={\url{http://neuralnetworksanddeeplearning.com/chap6.html}}
}

@inproceedings{Boureau:2010,
 author = {Boureau, Y-Lan and Ponce, Jean and LeCun, Yann},
 title = {A Theoretical Analysis of Feature Pooling in Visual Recognition},
 booktitle = {Proceedings of the 27th International Conference on International Conference on Machine Learning},
 series = {ICML'10},
 year = {2010},
 isbn = {978-1-60558-907-7},
 location = {Haifa, Israel},
 pages = {111--118},
 numpages = {8},
 url = {http://dl.acm.org/citation.cfm?id=3104322.3104338},
 acmid = {3104338},
 publisher = {Omnipress},
 address = {USA},
} 

@INPROCEEDINGS{6460871,
author={T. Wang and D. J. Wu and A. Coates and A. Y. Ng},
booktitle={Proceedings of the 21st International Conference on Pattern Recognition (ICPR2012)},
title={End-to-end text recognition with convolutional neural networks},
year={2012},
volume={},
number={},
pages={3304-3308},
doi={},
ISSN={1051-4651},
month={Nov},}

@article{DBLP:abs-1207-0580,
  author    = {Geoffrey E. Hinton and
               Nitish Srivastava and
               Alex Krizhevsky and
               Ilya Sutskever and
               Ruslan Salakhutdinov},
  title     = {Improving neural networks by preventing co-adaptation of feature detectors},
  journal   = {CoRR},
  volume    = {abs/1207.0580},
  year      = {2012},
  url       = {http://arxiv.org/abs/1207.0580},
  archivePrefix = {arXiv},
  eprint    = {1207.0580},
  timestamp = {Wed, 07 Jun 2017 14:40:12 +0200},
  biburl    = {https://dblp.org/rec/bib/journals/corr/abs-1207-0580},
  bibsource = {dblp computer science bibliography, https://dblp.org}
}

@article{DBLP:SimonyanZ14a,
  author    = {Karen Simonyan and
               Andrew Zisserman},
  title     = {Very Deep Convolutional Networks for Large-Scale Image Recognition},
  journal   = {CoRR},
  volume    = {abs/1409.1556},
  year      = {2014},
  url       = {http://arxiv.org/abs/1409.1556},
  archivePrefix = {arXiv},
  eprint    = {1409.1556},
  timestamp = {Wed, 07 Jun 2017 14:41:51 +0200},
  biburl    = {https://dblp.org/rec/bib/journals/corr/SimonyanZ14a},
  bibsource = {dblp computer science bibliography, https://dblp.org}
}

@article{DBLP:Tang13,
  author    = {Yichuan Tang},
  title     = {Deep Learning using Support Vector Machines},
  journal   = {CoRR},
  volume    = {abs/1306.0239},
  year      = {2013},
  url       = {http://arxiv.org/abs/1306.0239},
  archivePrefix = {arXiv},
  eprint    = {1306.0239},
  timestamp = {Wed, 07 Jun 2017 14:41:28 +0200},
  biburl    = {https://dblp.org/rec/bib/journals/corr/Tang13},
  bibsource = {dblp computer science bibliography, https://dblp.org}
}


@article{DBLP:ZhouHSZ16,
  author    = {Jing Zhou and
               Xiaopeng Hong and
               Fei Su and
               Guoying Zhao},
  title     = {Recurrent Convolutional Neural Network Regression for Continuous Pain
               Intensity Estimation in Video},
  journal   = {CoRR},
  volume    = {abs/1605.00894},
  year      = {2016},
  url       = {http://arxiv.org/abs/1605.00894},
  archivePrefix = {arXiv},
  eprint    = {1605.00894},
  timestamp = {Wed, 07 Jun 2017 14:41:51 +0200},
  biburl    = {https://dblp.org/rec/bib/journals/corr/ZhouHSZ16},
  bibsource = {dblp computer science bibliography, https://dblp.org}
}


@INPROCEEDINGS{5597822,
author={R. G. J. Wijnhoven and P. H. N. de With},
booktitle={2010 20th International Conference on Pattern Recognition},
title={Fast Training of Object Detection Using Stochastic Gradient Descent},
year={2010},
volume={},
number={},
pages={424-427},
keywords={gradient methods;object detection;stochastic processes;support vector machines;SGD;SVM;fast training;object detection;optimization process;stochastic gradient descent;support vector machine;training datasets;Computer vision;Feature extraction;Object detection;Optimization;Pattern recognition;Support vector machines;Training;HOG;SVM;classification;detection;histogram of oriented gradients;object recognition;stochastic gradient descent},
doi={10.1109/ICPR.2010.112},
ISSN={1051-4651},
month={Aug},}

@ARTICLE{726791,
author={Y. Lecun and L. Bottou and Y. Bengio and P. Haffner},
journal={Proceedings of the IEEE},
title={Gradient-based learning applied to document recognition},
year={1998},
volume={86},
number={11},
pages={2278-2324},
keywords={backpropagation;convolution;multilayer perceptrons;optical character recognition;2D shape variability;GTN;back-propagation;cheque reading;complex decision surface synthesis;convolutional neural network character recognizers;document recognition;document recognition systems;field extraction;gradient based learning technique;gradient-based learning;graph transformer networks;handwritten character recognition;handwritten digit recognition task;high-dimensional patterns;language modeling;multilayer neural networks;multimodule systems;performance measure minimization;segmentation recognition;Character recognition;Feature extraction;Hidden Markov models;Machine learning;Multi-layer neural network;Neural networks;Optical character recognition software;Optical computing;Pattern recognition;Principal component analysis},
doi={10.1109/5.726791},
ISSN={0018-9219},
month={Nov},}

@article{DBLP:Russakovsky14,
  author    = {Olga Russakovsky and
               Jia Deng and
               Hao Su and
               Jonathan Krause and
               Sanjeev Satheesh and
               Sean Ma and
               Zhiheng Huang and
               Andrej Karpathy and
               Aditya Khosla and
               Michael S. Bernstein and
               Alexander C. Berg and
               Fei{-}Fei Li},
  title     = {ImageNet Large Scale Visual Recognition Challenge},
  journal   = {CoRR},
  volume    = {abs/1409.0575},
  year      = {2014},
  url       = {http://arxiv.org/abs/1409.0575},
  archivePrefix = {arXiv},
  eprint    = {1409.0575},
  timestamp = {Wed, 07 Jun 2017 14:41:16 +0200},
  biburl    = {https://dblp.org/rec/bib/journals/corr/RussakovskyDSKSMHKKBBF14},
  bibsource = {dblp computer science bibliography, https://dblp.org}
}


@article{DBLP:SimonyanZ14a,
  author    = {Karen Simonyan and
               Andrew Zisserman},
  title     = {Very Deep Convolutional Networks for Large-Scale Image Recognition},
  journal   = {CoRR},
  volume    = {abs/1409.1556},
  year      = {2014},
  url       = {http://arxiv.org/abs/1409.1556},
  archivePrefix = {arXiv},
  eprint    = {1409.1556},
  timestamp = {Wed, 07 Jun 2017 14:41:51 +0200},
  biburl    = {https://dblp.org/rec/bib/journals/corr/SimonyanZ14a},
  bibsource = {dblp computer science bibliography, https://dblp.org}
}


@article{DBLP:SzegedyLJSRAEVR14,
  author    = {Christian Szegedy and
               Wei Liu and
               Yangqing Jia and
               Pierre Sermanet and
               Scott E. Reed and
               Dragomir Anguelov and
               Dumitru Erhan and
               Vincent Vanhoucke and
               Andrew Rabinovich},
  title     = {Going Deeper with Convolutions},
  journal   = {CoRR},
  volume    = {abs/1409.4842},
  year      = {2014},
  url       = {http://arxiv.org/abs/1409.4842},
  archivePrefix = {arXiv},
  eprint    = {1409.4842},
  timestamp = {Wed, 07 Jun 2017 14:40:42 +0200},
  biburl    = {https://dblp.org/rec/bib/journals/corr/SzegedyLJSRAEVR14},
  bibsource = {dblp computer science bibliography, https://dblp.org}
}


@article{DBLP:HeZRS15,
  author    = {Kaiming He and
               Xiangyu Zhang and
               Shaoqing Ren and
               Jian Sun},
  title     = {Deep Residual Learning for Image Recognition},
  journal   = {CoRR},
  volume    = {abs/1512.03385},
  year      = {2015},
  url       = {http://arxiv.org/abs/1512.03385},
  archivePrefix = {arXiv},
  eprint    = {1512.03385},
  timestamp = {Wed, 07 Jun 2017 14:41:17 +0200},
  biburl    = {https://dblp.org/rec/bib/journals/corr/HeZRS15},
  bibsource = {dblp computer science bibliography, https://dblp.org}
}


%%%%%%%%%%%%%%%%%%%%%%%%%%%%%%%      Computer Vision     %%%%%%%%%%%%%%%%%%%%%%%%%%%%%%%%
@online{BMVA,
  title =        "What is computer vision",
  url =          "http://www.bmva.org/visionoverview",
  lastaccessed = "May 26, 2018",
 OPTorganization = {"BMVA"}
}

@book{Goodfellow-et-al-2016,
    title={Deep Learning},
    author={Ian Goodfellow and Yoshua Bengio and Aaron Courville},
    publisher={MIT Press},
    note={\url{http://www.deeplearningbook.org}},
    year={2016}
}


@electronic{szeliski2011computer,
  added-at = {2014-10-20T11:28:05.000+0200},
  address = {London; New York},
  author = {Szeliski, Richard},
  biburl = {https://www.bibsonomy.org/bibtex/227a65be20751504eb731c22494257ac0/kinski1810},
  editor = {nn},
  interhash = {52bc88936329fd66b2af28d393532e40},
  intrahash = {27a65be20751504eb731c22494257ac0},
  isbn = {9781848829343 1848829345 9781848829350 1848829353},
  keywords = {algorithms applications computer inspection vision},
  publisher = {Springer},
  refid = {682910466},
  timestamp = {2014-10-20T11:28:05.000+0200},
  title = {Computer vision algorithms and applications},
  url = {http://dx.doi.org/10.1007/978-1-84882-935-0},
  year = 2011
}


@article{parallel,
  author    = {Ballard, Dana H. and
               Hinton, Geoffrey E. and
               Sejnowski, Terrence J.},
  title     = {Parallel visual computation},
  journal   = {Nature},
  volume    = { 306},
  pages  =  {21â26},
  year      = {1983},
  url       = {http://dx.doi.org/10.1038/306021a0},
}

@book{Forsyth:2002:CVM:580035,
 author = {Forsyth, David A. and Ponce, Jean},
 title = {Computer Vision: A Modern Approach},
 year = {2002},
 isbn = {0130851981},
 publisher = {Prentice Hall Professional Technical Reference},
}




%%%%%%%%%%%%%%%%%%%%%%%%%%%%%%%      3d pose estimation     %%%%%%%%%%%%%%%%%%%%%%%%%%%%%%%%

@inproceedings {834,
	title = {Are Cars Just 3D Boxes? - Jointly Estimating the 3D Shape of Multiple Objects},
	booktitle = {IEEE Conference on Computer Vision and Pattern Recognition (CVPR)},
	year = {2014},
	month = {June},
	attachments = {https://www.d2.mpi-inf.mpg.de/sites/default/files/zia14cvpr_reduced.pdf},
	author = {M.Zeeshan Zia and Michael Stark and Konrad Schindler}
}

@article {741,
	title = {Detailed 3D Representations for Object Recognition and Modeling},
	journal = {IEEE Transactions on Patterm Analysis and Machine Intelligence (PAMI)},
	volume = {35},
	number = {11},
	year = {2013},
	pages = {2608 - 2623},
	attachments = {https://www.d2.mpi-inf.mpg.de/sites/default/files/zia13pami.pdf},
	author = {Zeeshan Zia and Michael Stark and Schiele, Bernt and Konrad Schindler}
}


@incollection{xiang2015data,
    author = {Xiang, Yu and Choi, Wongun and Lin, Yuanqing and Savarese, Silvio},
    title = {Data-Driven 3D Voxel Patterns for Object Category Recognition},
    booktitle = {IEEE Conference on Computer Vision and Pattern Recognition (CVPR)},
    pages = {1903--1911},
    year = {2015}
}

@inproceedings{cvpr16chen,
  title = {Monocular 3D Object Detection for Autonomous Driving},
  author = {Chen, Xiaozhi and Kundu, Kaustav and Zhang, Ziyu
            and Ma, Huimin and Fidler, Sanja and Urtasun, Raquel},
  booktitle = {IEEE CVPR},
  year = {2016}}

@article{DBLP:journals/corr/MousavianAFK16,
  author    = {Arsalan Mousavian and
               Dragomir Anguelov and
               John Flynn and
               Jana Kosecka},
  title     = {3D Bounding Box Estimation Using Deep Learning and Geometry},
  journal   = {CoRR},
  volume    = {abs/1612.00496},
  year      = {2016},
  url       = {http://arxiv.org/abs/1612.00496},
  archivePrefix = {arXiv},
  eprint    = {1612.00496},
  timestamp = {Wed, 07 Jun 2017 14:43:02 +0200},
  biburl    = {https://dblp.org/rec/bib/journals/corr/MousavianAFK16},
  bibsource = {dblp computer science bibliography, https://dblp.org}
}

@INPROCEEDINGS{7780838, 
author={V. Dhiman and Q. H. Tran and J. J. Corso and M. Chandraker}, 
booktitle={2016 IEEE Conference on Computer Vision and Pattern Recognition (CVPR)}, 
title={A Continuous Occlusion Model for Road Scene Understanding}, 
year={2016}, 
volume={}, 
number={}, 
pages={4331-4339}, 
doi={10.1109/CVPR.2016.469}, 
ISSN={}, 
month={June},}

@INPROCEEDINGS{7298997, 
author={S. Song and M. Chandraker}, 
booktitle={2015 IEEE Conference on Computer Vision and Pattern Recognition (CVPR)}, 
title={Joint SFM and detection cues for monocular 3D localization in road scenes}, 
year={2015}, 
volume={}, 
number={}, 
pages={3734-3742}, 
keywords={computer graphics;image segmentation;image sensors;object detection;monocular 3D localization;motion segmentation;object detection;road scenes;single camera;sparse feature tracks;structure from motion;Cameras;Detectors;Joints;Object detection;Optimization;Three-dimensional displays;Tracking}, 
doi={10.1109/CVPR.2015.7298997}, 
ISSN={1063-6919}, 
month={June},}



@article{DBLP:journals/corr/LiZX16,
  author    = {Bo Li and
               Tianlei Zhang and
               Tian Xia},
  title     = {Vehicle Detection from 3D Lidar Using Fully Convolutional Network},
  journal   = {CoRR},
  volume    = {abs/1608.07916},
  year      = {2016},
  url       = {http://arxiv.org/abs/1608.07916},
  archivePrefix = {arXiv},
  eprint    = {1608.07916},
  timestamp = {Mon, 06 Nov 2017 17:26:29 +0100},
  biburl    = {https://dblp.org/rec/bib/journals/corr/LiZX16},
  bibsource = {dblp computer science bibliography, https://dblp.org}
}

@article{DBLP:journals/corr/abs-1710-07368,
  author    = {Bichen Wu and
               Alvin Wan and
               Xiangyu Yue and
               Kurt Keutzer},
  title     = {SqueezeSeg: Convolutional Neural Nets with Recurrent {CRF} for Real-Time
               Road-Object Segmentation from 3D LiDAR Point Cloud},
  journal   = {CoRR},
  volume    = {abs/1710.07368},
  year      = {2017},
  url       = {http://arxiv.org/abs/1710.07368},
  archivePrefix = {arXiv},
  eprint    = {1710.07368},
  timestamp = {Wed, 01 Nov 2017 19:05:43 +0100},
  biburl    = {https://dblp.org/rec/bib/journals/corr/abs-1710-07368},
  bibsource = {dblp computer science bibliography, https://dblp.org}
}

@inproceedings{Chen:2015:OPA:2969239.2969287,
 author = {Chen, Xiaozhi and Kundu, Kaustav and Zhu, Yukun and Berneshawi, Andrew and Ma, Huimin and Fidler, Sanja and Urtasun, Raquel},
 title = {3D Object Proposals for Accurate Object Class Detection},
 booktitle = {Proceedings of the 28th International Conference on Neural Information Processing Systems - Volume 1},
 series = {NIPS'15},
 year = {2015},
 location = {Montreal, Canada},
 pages = {424--432},
 numpages = {9},
 url = {http://dl.acm.org/citation.cfm?id=2969239.2969287},
 acmid = {2969287},
 publisher = {MIT Press},
 address = {Cambridge, MA, USA},
} 

@article{DBLP:journals/corr/GuptaGAM14,
  author    = {Saurabh Gupta and
               Ross B. Girshick and
               Pablo Arbelaez and
               Jitendra Malik},
  title     = {Learning Rich Features from {RGB-D} Images for Object Detection and
               Segmentation},
  journal   = {CoRR},
  volume    = {abs/1407.5736},
  year      = {2014},
  url       = {http://arxiv.org/abs/1407.5736},
  archivePrefix = {arXiv},
  eprint    = {1407.5736},
  timestamp = {Wed, 07 Jun 2017 14:41:04 +0200},
  biburl    = {https://dblp.org/rec/bib/journals/corr/GuptaGAM14},
  bibsource = {dblp computer science bibliography, https://dblp.org}
}

@INPROCEEDINGS{Wang-RSS-15, 
    AUTHOR    = {Dominic Zeng Wang AND Ingmar Posner}, 
    TITLE     = {Voting for Voting in Online Point Cloud Object Detection}, 
    BOOKTITLE = {Proceedings of Robotics: Science and Systems}, 
    YEAR      = {2015}, 
    ADDRESS   = {Rome, Italy}, 
    MONTH     = {July},
    DOI       = {10.15607/RSS.2015.XI.035} 
} 

@article{DBLP:journals/corr/EngelckeRWTP16,
  author    = {Martin Engelcke and
               Dushyant Rao and
               Dominic Zeng Wang and
               Chi Hay Tong and
               Ingmar Posner},
  title     = {Vote3Deep: Fast Object Detection in 3D Point Clouds Using Efficient
               Convolutional Neural Networks},
  journal   = {CoRR},
  volume    = {abs/1609.06666},
  year      = {2016},
  url       = {http://arxiv.org/abs/1609.06666},
  archivePrefix = {arXiv},
  eprint    = {1609.06666},
  timestamp = {Wed, 07 Jun 2017 14:41:41 +0200},
  biburl    = {https://dblp.org/rec/bib/journals/corr/EngelckeRWTP16},
  bibsource = {dblp computer science bibliography, https://dblp.org}
}

@InProceedings{10.1007/978-3-319-10599-4_41,
author="Song, Shuran
and Xiao, Jianxiong",
editor="Fleet, David
and Pajdla, Tomas
and Schiele, Bernt
and Tuytelaars, Tinne",
title="Sliding Shapes for 3D Object Detection in Depth Images",
booktitle="Computer Vision -- ECCV 2014",
year="2014",
publisher="Springer International Publishing",
address="Cham",
pages="634--651",
isbn="978-3-319-10599-4"
}

@INPROCEEDINGS{7780463, 
author={S. Song and J. Xiao}, 
booktitle={2016 IEEE Conference on Computer Vision and Pattern Recognition (CVPR)}, 
title={Deep Sliding Shapes for Amodal 3D Object Detection in RGB-D Images}, 
year={2016}, 
volume={}, 
number={}, 
pages={808-816}, 
doi={10.1109/CVPR.2016.94}, 
ISSN={}, 
month={June},}


@article{DBLP:journals/corr/Li16p,
  author    = {Bo Li},
  title     = {3D Fully Convolutional Network for Vehicle Detection in Point Cloud},
  journal   = {CoRR},
  volume    = {abs/1611.08069},
  year      = {2016},
  url       = {http://arxiv.org/abs/1611.08069},
  archivePrefix = {arXiv},
  eprint    = {1611.08069},
  timestamp = {Mon, 06 Nov 2017 17:26:29 +0100},
  biburl    = {https://dblp.org/rec/bib/journals/corr/Li16p},
  bibsource = {dblp computer science bibliography, https://dblp.org}
}

@article{DBLP:journals/corr/abs-1711-06396,
  author    = {Yin Zhou and
               Oncel Tuzel},
  title     = {VoxelNet: End-to-End Learning for Point Cloud Based 3D Object Detection},
  journal   = {CoRR},
  volume    = {abs/1711.06396},
  year      = {2017},
  url       = {http://arxiv.org/abs/1711.06396},
  archivePrefix = {arXiv},
  eprint    = {1711.06396},
  timestamp = {Sun, 03 Dec 2017 12:38:15 +0100},
  biburl    = {https://dblp.org/rec/bib/journals/corr/abs-1711-06396},
  bibsource = {dblp computer science bibliography, https://dblp.org}
}

@article{DBLP:journals/corr/ChenKZMFU16,
  author    = {Xiaozhi Chen and
               Kaustav Kundu and
               Yukun Zhu and
               Huimin Ma and
               Sanja Fidler and
               Raquel Urtasun},
  title     = {3D Object Proposals using Stereo Imagery for Accurate Object Class
               Detection},
  journal   = {CoRR},
  volume    = {abs/1608.07711},
  year      = {2016},
  url       = {http://arxiv.org/abs/1608.07711},
  archivePrefix = {arXiv},
  eprint    = {1608.07711},
  timestamp = {Wed, 07 Jun 2017 14:42:14 +0200},
  biburl    = {https://dblp.org/rec/bib/journals/corr/ChenKZMFU16},
  bibsource = {dblp computer science bibliography, https://dblp.org}
}


@article{PHAM2017110,
title = "Robust object proposals re-ranking for object detection in autonomous driving using convolutional neural networks",
journal = "Signal Processing: Image Communication",
volume = "53",
pages = "110 - 122",
year = "2017",
issn = "0923-5965",
doi = "https://doi.org/10.1016/j.image.2017.02.007",
url = "http://www.sciencedirect.com/science/article/pii/S0923596517300231",
author = "Cuong Cao Pham and Jae Wook Jeon",
keywords = "Object proposals, Autonomous driving, Object detection, Convolutional neural networks, Stereo vision."
}

@article{DBLP:journals/corr/abs-1803-00387,
  author    = {Xinxin Du and
               Marcelo H. Ang Jr. and
               Sertac Karaman and
               Daniela Rus},
  title     = {A General Pipeline for 3D Detection of Vehicles},
  journal   = {CoRR},
  volume    = {abs/1803.00387},
  year      = {2018},
  url       = {http://arxiv.org/abs/1803.00387},
  archivePrefix = {arXiv},
  eprint    = {1803.00387},
  timestamp = {Tue, 10 Apr 2018 20:50:05 +0200},
  biburl    = {https://dblp.org/rec/bib/journals/corr/abs-1803-00387},
  bibsource = {dblp computer science bibliography, https://dblp.org}
}

@article{DBLP:journals/corr/abs-1711-08488,
  author    = {Charles Ruizhongtai Qi and
               Wei Liu and
               Chenxia Wu and
               Hao Su and
               Leonidas J. Guibas},
  title     = {Frustum PointNets for 3D Object Detection from {RGB-D} Data},
  journal   = {CoRR},
  volume    = {abs/1711.08488},
  year      = {2017},
  url       = {http://arxiv.org/abs/1711.08488},
  archivePrefix = {arXiv},
  eprint    = {1711.08488},
  timestamp = {Sun, 03 Dec 2017 12:38:15 +0100},
  biburl    = {https://dblp.org/rec/bib/journals/corr/abs-1711-08488},
  bibsource = {dblp computer science bibliography, https://dblp.org}
}

@article{DBLP:journals/corr/EitelSSRB15,
  author    = {Andreas Eitel and
               Jost Tobias Springenberg and
               Luciano Spinello and
               Martin A. Riedmiller and
               Wolfram Burgard},
  title     = {Multimodal Deep Learning for Robust {RGB-D} Object Recognition},
  journal   = {CoRR},
  volume    = {abs/1507.06821},
  year      = {2015},
  url       = {http://arxiv.org/abs/1507.06821},
  archivePrefix = {arXiv},
  eprint    = {1507.06821},
  timestamp = {Wed, 07 Jun 2017 14:42:52 +0200},
  biburl    = {https://dblp.org/rec/bib/journals/corr/EitelSSRB15},
  bibsource = {dblp computer science bibliography, https://dblp.org}
}

@INPROCEEDINGS{7487370, 
author={J. Schlosser and C. K. Chow and Z. Kira}, 
booktitle={2016 IEEE International Conference on Robotics and Automation (ICRA)}, 
title={Fusing LIDAR and images for pedestrian detection using convolutional neural networks}, 
year={2016}, 
volume={}, 
number={}, 
pages={2198-2205}, 
doi={10.1109/ICRA.2016.7487370}, 
ISSN={}, 
month={May},}

@article{DBLP:journals/corr/ChenMWLX16,
  author    = {Xiaozhi Chen and
               Huimin Ma and
               Ji Wan and
               Bo Li and
               Tian Xia},
  title     = {Multi-View 3D Object Detection Network for Autonomous Driving},
  journal   = {CoRR},
  volume    = {abs/1611.07759},
  year      = {2016},
  url       = {http://arxiv.org/abs/1611.07759},
  archivePrefix = {arXiv},
  eprint    = {1611.07759},
  timestamp = {Mon, 06 Nov 2017 17:26:29 +0100},
  biburl    = {https://dblp.org/rec/bib/journals/corr/ChenMWLX16},
  bibsource = {dblp computer science bibliography, https://dblp.org}
}

@article{DBLP:journals/corr/abs-1711-10871,
  author    = {Danfei Xu and
               Dragomir Anguelov and
               Ashesh Jain},
  title     = {PointFusion: Deep Sensor Fusion for 3D Bounding Box Estimation},
  journal   = {CoRR},
  volume    = {abs/1711.10871},
  year      = {2017},
  url       = {http://arxiv.org/abs/1711.10871},
  archivePrefix = {arXiv},
  eprint    = {1711.10871},
  timestamp = {Mon, 04 Dec 2017 18:34:59 +0100},
  biburl    = {https://dblp.org/rec/bib/journals/corr/abs-1711-10871},
  bibsource = {dblp computer science bibliography, https://dblp.org}
}


@article{DBLP:journals/corr/QiSMG16,
  author    = {Charles Ruizhongtai Qi and
               Hao Su and
               Kaichun Mo and
               Leonidas J. Guibas},
  title     = {PointNet: Deep Learning on Point Sets for 3D Classification and Segmentation},
  journal   = {CoRR},
  volume    = {abs/1612.00593},
  year      = {2016},
  url       = {http://arxiv.org/abs/1612.00593},
  archivePrefix = {arXiv},
  eprint    = {1612.00593},
  timestamp = {Wed, 07 Jun 2017 14:43:06 +0200},
  biburl    = {https://dblp.org/rec/bib/journals/corr/QiSMG16},
  bibsource = {dblp computer science bibliography, https://dblp.org}
}

@article{DBLP:journals/corr/abs-1708-02002,
  author    = {Tsung{-}Yi Lin and
               Priya Goyal and
               Ross B. Girshick and
               Kaiming He and
               Piotr Doll{\'{a}}r},
  title     = {Focal Loss for Dense Object Detection},
  journal   = {CoRR},
  volume    = {abs/1708.02002},
  year      = {2017},
  url       = {http://arxiv.org/abs/1708.02002},
  archivePrefix = {arXiv},
  eprint    = {1708.02002},
  timestamp = {Tue, 05 Sep 2017 10:03:46 +0200},
  biburl    = {https://dblp.org/rec/bib/journals/corr/abs-1708-02002},
  bibsource = {dblp computer science bibliography, https://dblp.org}
}

@article{DBLP:journals/corr/abs-1711-06703,
  author    = {Zining Wang and
               Wei Zhan and
               Masayoshi Tomizuka},
  title     = {Fusing Bird View {LIDAR} Point Cloud and Front View Camera Image for
               Deep Object Detection},
  journal   = {CoRR},
  volume    = {abs/1711.06703},
  year      = {2017},
  url       = {http://arxiv.org/abs/1711.06703},
  archivePrefix = {arXiv},
  eprint    = {1711.06703},
  timestamp = {Sun, 03 Dec 2017 12:38:15 +0100},
  biburl    = {https://dblp.org/rec/bib/journals/corr/abs-1711-06703},
  bibsource = {dblp computer science bibliography, https://dblp.org}
}

@article{DBLP:journals/corr/abs-1712-02294,
  author    = {Jason Ku and
               Melissa Mozifian and
               Jungwook Lee and
               Ali Harakeh and
               Steven Lake Waslander},
  title     = {Joint 3D Proposal Generation and Object Detection from View Aggregation},
  journal   = {CoRR},
  volume    = {abs/1712.02294},
  year      = {2017},
  url       = {http://arxiv.org/abs/1712.02294},
  archivePrefix = {arXiv},
  eprint    = {1712.02294},
  timestamp = {Wed, 03 Jan 2018 12:33:17 +0100},
  biburl    = {https://dblp.org/rec/bib/journals/corr/abs-1712-02294},
  bibsource = {dblp computer science bibliography, https://dblp.org}
}



%%%%%%%%%%%%%%%%%%%%%%%%%%%%%%%      main - dataset     %%%%%%%%%%%%%%%%%%%%%%%%%%%%%%%%

@incollection{NIPS2012_4562,
title = {3D Object Detection and Viewpoint Estimation with a Deformable 3D Cuboid Model},
author = {Fidler, Sanja and Sven Dickinson and Urtasun, Raquel},
booktitle = {Advances in Neural Information Processing Systems 25},
editor = {F. Pereira and C. J. C. Burges and L. Bottou and K. Q. Weinberger},
pages = {611--619},
year = {2012},
publisher = {Curran Associates, Inc.},
url = {http://papers.nips.cc/paper/4562-3d-object-detection-and-viewpoint-estimation-with-a-deformable-3d-cuboid-model.pdf}
}


%%%%%%%%%%%%%%%%%%%%%%%%%%%%%%%      main - network     %%%%%%%%%%%%%%%%%%%%%%%%%%%%%%%%

@article{DBLP:journals/corr/RenHG015,
  author    = {Shaoqing Ren and
               Kaiming He and
               Ross B. Girshick and
               Jian Sun},
  title     = {Faster {R-CNN:} Towards Real-Time Object Detection with Region Proposal
               Networks},
  journal   = {CoRR},
  volume    = {abs/1506.01497},
  year      = {2015},
  url       = {http://arxiv.org/abs/1506.01497},
  archivePrefix = {arXiv},
  eprint    = {1506.01497},
  timestamp = {Wed, 07 Jun 2017 14:42:40 +0200},
  biburl    = {https://dblp.org/rec/bib/journals/corr/RenHG015},
  bibsource = {dblp computer science bibliography, https://dblp.org}
}


@article{DBLP:journals/corr/DaiLHS16,
  author    = {Jifeng Dai and
               Yi Li and
               Kaiming He and
               Jian Sun},
  title     = {{R-FCN:} Object Detection via Region-based Fully Convolutional Networks},
  journal   = {CoRR},
  volume    = {abs/1605.06409},
  year      = {2016},
  url       = {http://arxiv.org/abs/1605.06409},
  archivePrefix = {arXiv},
  eprint    = {1605.06409},
  timestamp = {Wed, 07 Jun 2017 14:41:12 +0200},
  biburl    = {https://dblp.org/rec/bib/journals/corr/DaiLHS16},
  bibsource = {dblp computer science bibliography, https://dblp.org}
}

@article{DBLP:journals/corr/LinDGHHB16,
  author    = {Tsung{-}Yi Lin and
               Piotr Doll{\'{a}}r and
               Ross B. Girshick and
               Kaiming He and
               Bharath Hariharan and
               Serge J. Belongie},
  title     = {Feature Pyramid Networks for Object Detection},
  journal   = {CoRR},
  volume    = {abs/1612.03144},
  year      = {2016},
  url       = {http://arxiv.org/abs/1612.03144},
  archivePrefix = {arXiv},
  eprint    = {1612.03144},
  timestamp = {Wed, 07 Jun 2017 14:43:08 +0200},
  biburl    = {https://dblp.org/rec/bib/journals/corr/LinDGHHB16},
  bibsource = {dblp computer science bibliography, https://dblp.org}
}


@article{DBLP:journals/corr/RedmonF16,
  author    = {Joseph Redmon and
               Ali Farhadi},
  title     = {{YOLO9000:} Better, Faster, Stronger},
  journal   = {CoRR},
  volume    = {abs/1612.08242},
  year      = {2016},
  url       = {http://arxiv.org/abs/1612.08242},
  archivePrefix = {arXiv},
  eprint    = {1612.08242},
  timestamp = {Wed, 07 Jun 2017 14:40:20 +0200},
  biburl    = {https://dblp.org/rec/bib/journals/corr/RedmonF16},
  bibsource = {dblp computer science bibliography, https://dblp.org}
}


@article{DBLP:journals/corr/LiuAESR15,
  author    = {Wei Liu and
               Dragomir Anguelov and
               Dumitru Erhan and
               Christian Szegedy and
               Scott E. Reed and
               Cheng{-}Yang Fu and
               Alexander C. Berg},
  title     = {{SSD:} Single Shot MultiBox Detector},
  journal   = {CoRR},
  volume    = {abs/1512.02325},
  year      = {2015},
  url       = {http://arxiv.org/abs/1512.02325},
  archivePrefix = {arXiv},
  eprint    = {1512.02325},
  timestamp = {Wed, 07 Jun 2017 14:42:54 +0200},
  biburl    = {https://dblp.org/rec/bib/journals/corr/LiuAESR15},
  bibsource = {dblp computer science bibliography, https://dblp.org}
}



@article{DBLP:journals/corr/Ruder16,
  author    = {Sebastian Ruder},
  title     = {An overview of gradient descent optimization algorithms},
  journal   = {CoRR},
  volume    = {abs/1609.04747},
  year      = {2016},
  url       = {http://arxiv.org/abs/1609.04747},
  archivePrefix = {arXiv},
  eprint    = {1609.04747},
  timestamp = {Wed, 07 Jun 2017 14:40:06 +0200},
  biburl    = {https://dblp.org/rec/bib/journals/corr/Ruder16},
  bibsource = {dblp computer science bibliography, https://dblp.org}
}

@misc{chollet2015keras,
  title={Keras},
  author={Chollet, Fran\c{c}ois and others},
  year={2015},
  howpublished={\url{https://keras.io}},
}

@article{DBLP:journals/corr/HeZRS15,
  author    = {Kaiming He and
               Xiangyu Zhang and
               Shaoqing Ren and
               Jian Sun},
  title     = {Deep Residual Learning for Image Recognition},
  journal   = {CoRR},
  volume    = {abs/1512.03385},
  year      = {2015},
  url       = {http://arxiv.org/abs/1512.03385},
  archivePrefix = {arXiv},
  eprint    = {1512.03385},
  timestamp = {Wed, 07 Jun 2017 14:41:17 +0200},
  biburl    = {https://dblp.org/rec/bib/journals/corr/HeZRS15},
  bibsource = {dblp computer science bibliography, https://dblp.org}
}


@article{Bengio:1994:LLD:2325857.2328340,
 author = {Bengio, Y. and Simard, P. and Frasconi, P.},
 title = {Learning Long-term Dependencies with Gradient Descent is Difficult},
 journal = {Trans. Neur. Netw.},
 issue_date = {March 1994},
 volume = {5},
 number = {2},
 month = mar,
 year = {1994},
 issn = {1045-9227},
 pages = {157--166},
 numpages = {10},
 url = {http://dx.doi.org/10.1109/72.279181},
 doi = {10.1109/72.279181},
 acmid = {2328340},
 publisher = {IEEE Press},
 address = {Piscataway, NJ, USA},
} 


@InProceedings{pmlr-v9-glorot10a,
  title = 	 {Understanding the difficulty of training deep feedforward neural networks},
  author = 	 {Xavier Glorot and Yoshua Bengio},
  booktitle = 	 {Proceedings of the Thirteenth International Conference on Artificial Intelligence and Statistics},
  pages = 	 {249--256},
  year = 	 {2010},
  editor = 	 {Yee Whye Teh and Mike Titterington},
  volume = 	 {9},
  series = 	 {Proceedings of Machine Learning Research},
  address = 	 {Chia Laguna Resort, Sardinia, Italy},
  month = 	 {13--15 May},
  publisher = 	 {PMLR},
  pdf = 	 {http://proceedings.mlr.press/v9/glorot10a/glorot10a.pdf},
  url = 	 {http://proceedings.mlr.press/v9/glorot10a.html},
}


@article{DBLP:journals/corr/He014,
  author    = {Kaiming He and
               Jian Sun},
  title     = {Convolutional Neural Networks at Constrained Time Cost},
  journal   = {CoRR},
  volume    = {abs/1412.1710},
  year      = {2014},
  url       = {http://arxiv.org/abs/1412.1710},
  archivePrefix = {arXiv},
  eprint    = {1412.1710},
  timestamp = {Wed, 07 Jun 2017 14:41:30 +0200},
  biburl    = {https://dblp.org/rec/bib/journals/corr/He014},
  bibsource = {dblp computer science bibliography, https://dblp.org}
}


@book{Bishop:2006:PRM:1162264,
 author = {Bishop, Christopher M.},
 title = {Pattern Recognition and Machine Learning (Information Science and Statistics)},
 year = {2006},
 isbn = {0387310738},
 publisher = {Springer-Verlag},
 address = {Berlin, Heidelberg},
pages = {236},
} 

@Article{Caruana1997,
author="Caruana, Rich",
title="Multitask Learning",
journal="Machine Learning",
year="1997",
month="Jul",
day="01",
volume="28",
number="1",
pages="41--75",
issn="1573-0565",
doi="10.1023/A:1007379606734",
url="https://doi.org/10.1023/A:1007379606734"
}

@article{DBLP:journals/corr/Girshick15,
  author    = {Ross B. Girshick},
  title     = {Fast {R-CNN}},
  journal   = {CoRR},
  volume    = {abs/1504.08083},
  year      = {2015},
  url       = {http://arxiv.org/abs/1504.08083},
  archivePrefix = {arXiv},
  eprint    = {1504.08083},
  timestamp = {Wed, 07 Jun 2017 14:40:36 +0200},
  biburl    = {https://dblp.org/rec/bib/journals/corr/Girshick15},
  bibsource = {dblp computer science bibliography, https://dblp.org}
}

@book{Goodfellow-et-al-2016,
    title={Deep Learning},
    author={Ian Goodfellow and Yoshua Bengio and Aaron Courville},
    publisher={MIT Press},
    note={\url{http://www.deeplearningbook.org}},
    year={2016},
    chapter={6},
    pages={177}
}

@article{DBLP:journals/corr/abs-1802-09941,
  author    = {Tal Ben{-}Nun and
               Torsten Hoefler},
  title     = {Demystifying Parallel and Distributed Deep Learning: An In-Depth Concurrency
               Analysis},
  journal   = {CoRR},
  volume    = {abs/1802.09941},
  year      = {2018},
  url       = {http://arxiv.org/abs/1802.09941},
  archivePrefix = {arXiv},
  eprint    = {1802.09941},
  timestamp = {Fri, 02 Mar 2018 13:46:22 +0100},
  biburl    = {https://dblp.org/rec/bib/journals/corr/abs-1802-09941},
  bibsource = {dblp computer science bibliography, https://dblp.org}
}

@article{Jayalakshmi2011,
author = {Jayalakshmi, T and A, Santhakumaran},
year = {2011},
month = {01},
pages = {89-93},
title = {Statistical normalization and back propagation for classification},
volume = {3},
booktitle = {International Journal Computer Theory Engineering (IJCTE)}
}

@article{DBLP:journals/corr/SimonyanZ14a,
  author    = {Karen Simonyan and
               Andrew Zisserman},
  title     = {Very Deep Convolutional Networks for Large-Scale Image Recognition},
  journal   = {CoRR},
  volume    = {abs/1409.1556},
  year      = {2014},
  url       = {http://arxiv.org/abs/1409.1556},
  archivePrefix = {arXiv},
  eprint    = {1409.1556},
  timestamp = {Wed, 07 Jun 2017 14:41:51 +0200},
  biburl    = {https://dblp.org/rec/bib/journals/corr/SimonyanZ14a},
  bibsource = {dblp computer science bibliography, https://dblp.org}
}

@article{DBLP:journals/corr/GirshickDDM13,
  author    = {Ross B. Girshick and
               Jeff Donahue and
               Trevor Darrell and
               Jitendra Malik},
  title     = {Rich feature hierarchies for accurate object detection and semantic
               segmentation},
  journal   = {CoRR},
  volume    = {abs/1311.2524},
  year      = {2013},
  url       = {http://arxiv.org/abs/1311.2524},
  archivePrefix = {arXiv},
  eprint    = {1311.2524},
  timestamp = {Wed, 07 Jun 2017 14:43:00 +0200},
  biburl    = {https://dblp.org/rec/bib/journals/corr/GirshickDDM13},
  bibsource = {dblp computer science bibliography, https://dblp.org}
}

@online{CS231N,
  title =        "Data Preprocessing",
  url =         "http://cs231n.github.io/neural-networks-2/",
  lastaccessed = "May 06, 2018",
 OPTorganization = {"Standford University"}
}

@online{One-hot,
  title =        "One-Hot-Encoding",
  url =         "https://en.wikipedia.org/wiki/One-hot",
  lastaccessed = "May 06, 2018",
 OPTorganization = {"Wikipedia"}
}

@article{DBLP:journals/corr/ChabotCRTC17,
  author    = {Florian Chabot and
               Mohamed Chaouch and
               Jaonary Rabarisoa and
               C{\'{e}}line Teuli{\`{e}}re and
               Thierry Chateau},
  title     = {Deep {MANTA:} {A} Coarse-to-fine Many-Task Network for joint 2D and
               3D vehicle analysis from monocular image},
  journal   = {CoRR},
  volume    = {abs/1703.07570},
  year      = {2017},
  url       = {http://arxiv.org/abs/1703.07570},
  archivePrefix = {arXiv},
  eprint    = {1703.07570},
  timestamp = {Wed, 07 Jun 2017 14:43:12 +0200},
  biburl    = {https://dblp.org/rec/bib/journals/corr/ChabotCRTC17},
  bibsource = {dblp computer science bibliography, https://dblp.org}
}

@article{DBLP:journals/corr/IoffeS15,
  author    = {Sergey Ioffe and
               Christian Szegedy},
  title     = {Batch Normalization: Accelerating Deep Network Training by Reducing
               Internal Covariate Shift},
  journal   = {CoRR},
  volume    = {abs/1502.03167},
  year      = {2015},
  url       = {http://arxiv.org/abs/1502.03167},
  archivePrefix = {arXiv},
  eprint    = {1502.03167},
  timestamp = {Wed, 07 Jun 2017 14:40:49 +0200},
  biburl    = {https://dblp.org/rec/bib/journals/corr/IoffeS15},
  bibsource = {dblp computer science bibliography, https://dblp.org}
}

@article{JMLR:v15:srivastava14a,
  author  = {Nitish Srivastava and Geoffrey Hinton and Alex Krizhevsky and Ilya Sutskever and Ruslan Salakhutdinov},
  title   = {Dropout: A Simple Way to Prevent Neural Networks from Overfitting},
  journal = {Journal of Machine Learning Research},
  year    = {2014},
  volume  = {15},
  pages   = {1929-1958},
  url     = {http://jmlr.org/papers/v15/srivastava14a.html}
}

@inproceedings{Caruana:2000:ONN:3008751.3008807,
 author = {Caruana, Rich and Lawrence, Steve and Giles, Lee},
 title = {Overfitting in Neural Nets: Backpropagation, Conjugate Gradient, and Early Stopping},
 booktitle = {Proceedings of the 13th International Conference on Neural Information Processing Systems},
 series = {NIPS'00},
 year = {2000},
 location = {Denver, CO},
 pages = {381--387},
 numpages = {7},
 url = {http://dl.acm.org/citation.cfm?id=3008751.3008807},
 acmid = {3008807},
 publisher = {MIT Press},
 address = {Cambridge, MA, USA},
} 

@article{DBLP:journals/corr/abs-1206-5533,
  author    = {Yoshua Bengio},
  title     = {Practical recommendations for gradient-based training of deep architectures},
  journal   = {CoRR},
  volume    = {abs/1206.5533},
  year      = {2012},
  url       = {http://arxiv.org/abs/1206.5533},
  archivePrefix = {arXiv},
  eprint    = {1206.5533},
  timestamp = {Wed, 07 Jun 2017 14:43:16 +0200},
  biburl    = {https://dblp.org/rec/bib/journals/corr/abs-1206-5533},
  bibsource = {dblp computer science bibliography, https://dblp.org}
}

@inproceedings{Baxter:1995:LIR:225298.225336,
 author = {Baxter, Jonathan},
 title = {Learning Internal Representations},
 booktitle = {Proceedings of the Eighth Annual Conference on Computational Learning Theory},
 series = {COLT '95},
 year = {1995},
 isbn = {0-89791-723-5},
 location = {Santa Cruz, California, USA},
 pages = {311--320},
 numpages = {10},
 url = {http://doi.acm.org/10.1145/225298.225336},
 doi = {10.1145/225298.225336},
 acmid = {225336},
 publisher = {ACM},
 address = {New York, NY, USA},
} 

@article{Pan:2010:STL:1850483.1850545,
 author = {Pan, Sinno Jialin and Yang, Qiang},
 title = {A Survey on Transfer Learning},
 journal = {IEEE Trans. on Knowl. and Data Eng.},
 issue_date = {October 2010},
 volume = {22},
 number = {10},
 month = oct,
 year = {2010},
 issn = {1041-4347},
 pages = {1345--1359},
 numpages = {15},
 url = {http://dx.doi.org/10.1109/TKDE.2009.191},
 doi = {10.1109/TKDE.2009.191},
 acmid = {1850545},
 publisher = {IEEE Educational Activities Department},
 address = {Piscataway, NJ, USA},
 keywords = {Transfer learning, Transfer learning, survey, machine learning, data mining., data mining., machine learning, survey},
} 

@article{DBLP:journals/corr/YosinskiCBL14,
  author    = {Jason Yosinski and
               Jeff Clune and
               Yoshua Bengio and
               Hod Lipson},
  title     = {How transferable are features in deep neural networks?},
  journal   = {CoRR},
  volume    = {abs/1411.1792},
  year      = {2014},
  url       = {http://arxiv.org/abs/1411.1792},
  archivePrefix = {arXiv},
  eprint    = {1411.1792},
  timestamp = {Wed, 07 Jun 2017 14:40:45 +0200},
  biburl    = {https://dblp.org/rec/bib/journals/corr/YosinskiCBL14},
  bibsource = {dblp computer science bibliography, https://dblp.org}
}

@incollection{NIPS2006_3048,
title = {Greedy Layer-Wise Training of Deep Networks},
author = {Bengio, Yoshua and Pascal Lamblin and Dan Popovici and Larochelle, Hugo},
booktitle = {Advances in Neural Information Processing Systems 19},
editor = {B. Sch\"{o}lkopf and J. C. Platt and T. Hoffman},
pages = {153--160},
year = {2007},
publisher = {MIT Press},
url = {http://papers.nips.cc/paper/3048-greedy-layer-wise-training-of-deep-networks.pdf}
}

@InProceedings{pmlr-v15-glorot11a,
  title = 	 {Deep Sparse Rectifier Neural Networks},
  author = 	 {Xavier Glorot and Antoine Bordes and Yoshua Bengio},
  booktitle = 	 {Proceedings of the Fourteenth International Conference on Artificial Intelligence and Statistics},
  pages = 	 {315--323},
  year = 	 {2011},
  editor = 	 {Geoffrey Gordon and David Dunson and Miroslav DudÃ­k},
  volume = 	 {15},
  series = 	 {Proceedings of Machine Learning Research},
  address = 	 {Fort Lauderdale, FL, USA},
  month = 	 {11--13 Apr},
  publisher = 	 {PMLR},
  pdf = 	 {http://proceedings.mlr.press/v15/glorot11a/glorot11a.pdf},
  url = 	 {http://proceedings.mlr.press/v15/glorot11a.html},
}

@inproceedings{Nair:2010:RLU:3104322.3104425,
 author = {Nair, Vinod and Hinton, Geoffrey E.},
 title = {Rectified Linear Units Improve Restricted Boltzmann Machines},
 booktitle = {Proceedings of the 27th International Conference on International Conference on Machine Learning},
 series = {ICML'10},
 year = {2010},
 isbn = {978-1-60558-907-7},
 location = {Haifa, Israel},
 pages = {807--814},
 numpages = {8},
 url = {http://dl.acm.org/citation.cfm?id=3104322.3104425},
 acmid = {3104425},
 publisher = {Omnipress},
 address = {USA},
} 

@article{DBLP:journals/corr/JarrettKGL16,
  author    = {Kevin Jarrett and
               Koray Kavukcuoglu and
               Karol Gregor and
               Yann LeCun},
  title     = {What is the Best Feature Learning Procedure in Hierarchical Recognition
               Architectures?},
  journal   = {CoRR},
  volume    = {abs/1606.01535},
  year      = {2016},
  url       = {http://arxiv.org/abs/1606.01535},
  archivePrefix = {arXiv},
  eprint    = {1606.01535},
  timestamp = {Wed, 07 Jun 2017 01:00:00 +0200},
  biburl    = {https://dblp.org/rec/bib/journals/corr/JarrettKGL16},
  bibsource = {dblp computer science bibliography, https://dblp.org}
}

@article{DBLP:journals/corr/KingmaB14,
  author    = {Diederik P. Kingma and
               Jimmy Ba},
  title     = {Adam: {A} Method for Stochastic Optimization},
  journal   = {CoRR},
  volume    = {abs/1412.6980},
  year      = {2014},
  url       = {http://arxiv.org/abs/1412.6980},
  archivePrefix = {arXiv},
  eprint    = {1412.6980},
  timestamp = {Wed, 07 Jun 2017 14:40:52 +0200},
  biburl    = {https://dblp.org/rec/bib/journals/corr/KingmaB14},
  bibsource = {dblp computer science bibliography, https://dblp.org}
}


@article{gd1847,
  author    = {Cauchy Augustin-Louis},
  title     = {MÃ©thode gÃ©nÃ©rale pour la rÃ©solution des systÃ¨mes d'Ã©quations simultanÃ©es},
  journal   = {Compte rendu des sÃ©ances de lâacadÃ©mie des sciences},
  volume    = {abs/1411.1792},
  year      = {1847},
  url       = {http://sites.mathdoc.fr/cgi-bin/oeitem?id=OE_CAUCHY_1_10_399_1},
  pages = {536--538},
}

@incollection{Rumelhart:1988:LRB:65669.104451,
 author = {Rumelhart, David E. and Hinton, Geoffrey E. and Williams, Ronald J.},
 chapter = {Learning Representations by Back-propagating Errors},
 title = {Neurocomputing: Foundations of Research},
 editor = {Anderson, James A. and Rosenfeld, Edward},
 year = {1988},
 isbn = {0-262-01097-6},
 pages = {696--699},
 numpages = {4},
 url = {http://dl.acm.org/citation.cfm?id=65669.104451},
 acmid = {104451},
 publisher = {MIT Press},
 address = {Cambridge, MA, USA},
} 

@Article{Lepetit2008,
author="Lepetit, Vincent
and Moreno-Noguer, Francesc
and Fua, Pascal",
title="EPnP: An Accurate O(n) Solution to the PnP Problem",
journal="International Journal of Computer Vision",
year="2008",
month="Jul",
day="19",
volume="81",
number="2",
pages="155",
issn="1573-1405",
doi="10.1007/s11263-008-0152-6",
url="https://doi.org/10.1007/s11263-008-0152-6"
}



%%%%%%%%%%%%%%%%%%%%%%%%%%%%%%%    EXP     %%%%%%%%%%%%%%%%%%%%%%%%%%%%%%%%

@misc{tensorflow2015-whitepaper,
title={ {TensorFlow}: Large-Scale Machine Learning on Heterogeneous Systems},
url={https://www.tensorflow.org/},
note={Software available from tensorflow.org},
author={
    Mart\'{\i}n~Abadi and
    Ashish~Agarwal and
    Paul~Barham and
    Eugene~Brevdo and
    Zhifeng~Chen and
    Craig~Citro and
    Greg~S.~Corrado and
    Andy~Davis and
    Jeffrey~Dean and
    Matthieu~Devin and
    Sanjay~Ghemawat and
    Ian~Goodfellow and
    Andrew~Harp and
    Geoffrey~Irving and
    Michael~Isard and
    Yangqing Jia and
    Rafal~Jozefowicz and
    Lukasz~Kaiser and
    Manjunath~Kudlur and
    Josh~Levenberg and
    Dandelion~Man\'{e} and
    Rajat~Monga and
    Sherry~Moore and
    Derek~Murray and
    Chris~Olah and
    Mike~Schuster and
    Jonathon~Shlens and
    Benoit~Steiner and
    Ilya~Sutskever and
    Kunal~Talwar and
    Paul~Tucker and
    Vincent~Vanhoucke and
    Vijay~Vasudevan and
    Fernanda~Vi\'{e}gas and
    Oriol~Vinyals and
    Pete~Warden and
    Martin~Wattenberg and
    Martin~Wicke and
    Yuan~Yu and
    Xiaoqiang~Zheng},
  year={2015},
}

@Article{Everingham15, 
   author = "Everingham, M. and Eslami, S. M. A. and Van~Gool, L. and Williams, C. K. I. and Winn, J. and Zisserman, A.", 
   title = "The Pascal Visual Object Classes Challenge: A Retrospective", 
   journal = "International Journal of Computer Vision", 
   volume = "111", 
   year = "2015", 
   number = "1", 
   month = jan, 
   pages = "98--136", 
} 


@INPROCEEDINGS{413553, 
author={P. Charbonnier and L. Blanc-Feraud and G. Aubert and M. Barlaud}, 
booktitle={Proceedings of 1st International Conference on Image Processing}, 
title={Two deterministic half-quadratic regularization algorithms for computed imaging}, 
year={1994}, 
volume={2}, 
number={}, 
pages={168-172 vol.2}, 
doi={10.1109/ICIP.1994.413553}, 
ISSN={}, 
month={Nov},}

@article{huber1964,
author = "Huber, Peter J.",
doi = "10.1214/aoms/1177703732",
fjournal = "The Annals of Mathematical Statistics",
journal = "Ann. Math. Statist.",
month = "03",
number = "1",
pages = "73--101",
publisher = "The Institute of Mathematical Statistics",
title = "Robust Estimation of a Location Parameter",
url = "https://doi.org/10.1214/aoms/1177703732",
volume = "35",
year = "1964"
}

@ARTICLE{2005ClRes3079W,
   author = {{Willmott}, C. and {Matsuura}, K.},
    title = "{Advantages of the mean absolute error (MAE) over the root mean square error (RMSE) in assessing average model performance}",
  journal = {Climate Research},
     year = 2005,
   volume = 30,
    pages = {79-82},
      doi = {10.3354/cr030079},
   adsurl = {http://adsabs.harvard.edu/abs/2005ClRes..30...79W},
  adsnote = {Provided by the SAO/NASA Astrophysics Data System}
}

@ARTICLE{4775883, 
author={Z. Wang and A. C. Bovik}, 
journal={IEEE Signal Processing Magazine}, 
title={Mean squared error: Love it or leave it? A new look at Signal Fidelity Measures}, 
year={2009}, 
volume={26}, 
number={1}, 
pages={98-117}, 
doi={10.1109/MSP.2008.930649}, 
ISSN={1053-5888}, 
month={Jan},}

@article{DBLP:journals/corr/Smith15a,
  author    = {Leslie N. Smith},
  title     = {No More Pesky Learning Rate Guessing Games},
  journal   = {CoRR},
  volume    = {abs/1506.01186},
  year      = {2015},
  url       = {http://arxiv.org/abs/1506.01186},
  archivePrefix = {arXiv},
  eprint    = {1506.01186},
  timestamp = {Wed, 07 Jun 2017 14:41:23 +0200},
  biburl    = {https://dblp.org/rec/bib/journals/corr/Smith15a},
  bibsource = {dblp computer science bibliography, https://dblp.org}
}

@article{DBLP:journals/corr/Chollet16a,
  author    = {Fran{\c{c}}ois Chollet},
  title     = {Xception: Deep Learning with Depthwise Separable Convolutions},
  journal   = {CoRR},
  volume    = {abs/1610.02357},
  year      = {2016},
  url       = {http://arxiv.org/abs/1610.02357},
  archivePrefix = {arXiv},
  eprint    = {1610.02357},
  timestamp = {Wed, 07 Jun 2017 14:41:03 +0200},
  biburl    = {https://dblp.org/rec/bib/journals/corr/Chollet16a},
  bibsource = {dblp computer science bibliography, https://dblp.org}
}


@article{DBLP:journals/corr/SzegedyVISW15,
  author    = {Christian Szegedy and
               Vincent Vanhoucke and
               Sergey Ioffe and
               Jonathon Shlens and
               Zbigniew Wojna},
  title     = {Rethinking the Inception Architecture for Computer Vision},
  journal   = {CoRR},
  volume    = {abs/1512.00567},
  year      = {2015},
  url       = {http://arxiv.org/abs/1512.00567},
  archivePrefix = {arXiv},
  eprint    = {1512.00567},
  timestamp = {Wed, 07 Jun 2017 14:40:22 +0200},
  biburl    = {https://dblp.org/rec/bib/journals/corr/SzegedyVISW15},
  bibsource = {dblp computer science bibliography, https://dblp.org}
}


@article{DBLP:journals/corr/HuangLW16a,
  author    = {Gao Huang and
               Zhuang Liu and
               Kilian Q. Weinberger},
  title     = {Densely Connected Convolutional Networks},
  journal   = {CoRR},
  volume    = {abs/1608.06993},
  year      = {2016},
  url       = {http://arxiv.org/abs/1608.06993},
  archivePrefix = {arXiv},
  eprint    = {1608.06993},
  timestamp = {Wed, 07 Jun 2017 14:42:40 +0200},
  biburl    = {https://dblp.org/rec/bib/journals/corr/HuangLW16a},
  bibsource = {dblp computer science bibliography, https://dblp.org}
}


@article{Fischler:1981:RSC:358669.358692,
 author = {Fischler, Martin A. and Bolles, Robert C.},
 title = {Random Sample Consensus: A Paradigm for Model Fitting with Applications to Image Analysis and Automated Cartography},
 journal = {Commun. ACM},
 issue_date = {June 1981},
 volume = {24},
 number = {6},
 month = jun,
 year = {1981},
 issn = {0001-0782},
 pages = {381--395},
 numpages = {15},
 url = {http://doi.acm.org/10.1145/358669.358692},
 doi = {10.1145/358669.358692},
 acmid = {358692},
 publisher = {ACM},
 address = {New York, NY, USA},
 keywords = {automated cartography, camera calibration, image matching, location determination, model fitting, scene analysis},
} 



@article{DBLP:journals/corr/DehghanMSO17,
  author    = {Afshin Dehghan and
               Syed Zain Masood and
               Guang Shu and
               Enrique G. Ortiz},
  title     = {View Independent Vehicle Make, Model and Color Recognition Using Convolutional
               Neural Network},
  journal   = {CoRR},
  volume    = {abs/1702.01721},
  year      = {2017},
  url       = {http://arxiv.org/abs/1702.01721},
  archivePrefix = {arXiv},
  eprint    = {1702.01721},
  timestamp = {Wed, 07 Jun 2017 14:41:20 +0200},
  biburl    = {https://dblp.org/rec/bib/journals/corr/DehghanMSO17},
  bibsource = {dblp computer science bibliography, https://dblp.org}
}


@INPROCEEDINGS{7410527, 
author={T. Y. Lin and A. RoyChowdhury and S. Maji}, 
booktitle={2015 IEEE International Conference on Computer Vision (ICCV)}, 
title={Bilinear CNN Models for Fine-Grained Visual Recognition}, 
year={2015}, 
volume={}, 
number={}, 
pages={1449-1457}, 
keywords={feature extraction;neural nets;source code (software);ImageNet dataset;NVIDIA Tesla K40 GPU;bilinear CNN model;convolutional neural network;feature extraction;fine-grained visual recognition architecture;image descriptor;image label;local pairwise feature interaction;orderless texture descriptor;source code;Atmospheric modeling;Computational modeling;Computer architecture;Feature extraction;Image recognition;Training;Visualization}, 
doi={10.1109/ICCV.2015.170}, 
ISSN={}, 
month={Dec},}

@INPROCEEDINGS{7780697, 
author={J. Sochor and A. Herout and J. Havel}, 
booktitle={2016 IEEE Conference on Computer Vision and Pattern Recognition (CVPR)}, 
title={BoxCars: 3D Boxes as CNN Input for Improved Fine-Grained Vehicle Recognition}, 
year={2016}, 
volume={}, 
number={}, 
pages={3006-3015}, 
keywords={image classification;neural nets;road vehicles;stereo image processing;traffic engineering computing;video streaming;video surveillance;3D boxes;3D vehicle bounding box;BoxCars;CNN input;automatically extracted auxiliary information;baseline pure CNN;classification error;deep convolutional neural network;fine-grained vehicle make&model recognition;surveillance vehicle images;traffic surveillance systems;vehicle image unpacking;verification average precision;video stream data extraction;Automobiles;Cameras;Feature extraction;Neural networks;Surveillance;Three-dimensional displays}, 
doi={10.1109/CVPR.2016.328}, 
ISSN={}, 
month={June},}

@article{DBLP:journals/corr/YangLLT15,
  author    = {Linjie Yang and
               Ping Luo and
               Chen Change Loy and
               Xiaoou Tang},
  title     = {A Large-Scale Car Dataset for Fine-Grained Categorization and Verification},
  journal   = {CoRR},
  volume    = {abs/1506.08959},
  year      = {2015},
  url       = {http://arxiv.org/abs/1506.08959},
  archivePrefix = {arXiv},
  eprint    = {1506.08959},
  timestamp = {Wed, 07 Jun 2017 14:41:58 +0200},
  biburl    = {https://dblp.org/rec/bib/journals/corr/YangLLT15},
  bibsource = {dblp computer science bibliography, https://dblp.org}
}


@online{3dobject,
  title =        "3D Object Detection Evaluation 2017",
  url =          "http://www.cvlibs.net/datasets/kitti/eval_object.php?obj_benchmark=3d",
  lastaccessed = "June 06, 2018",
 OPTorganization = {"KIT", "TTIC", "MPIIS"}
}


@article{DBLP:journals/corr/GirshickDDM13,
  author    = {Ross B. Girshick and
               Jeff Donahue and
               Trevor Darrell and
               Jitendra Malik},
  title     = {Rich feature hierarchies for accurate object detection and semantic
               segmentation},
  journal   = {CoRR},
  volume    = {abs/1311.2524},
  year      = {2013},
  url       = {http://arxiv.org/abs/1311.2524},
  archivePrefix = {arXiv},
  eprint    = {1311.2524},
  timestamp = {Wed, 07 Jun 2017 14:43:00 +0200},
  biburl    = {https://dblp.org/rec/bib/journals/corr/GirshickDDM13},
  bibsource = {dblp computer science bibliography, https://dblp.org}
}


@article{DBLP:journals/corr/XiangCLS16,
  author    = {Yu Xiang and
               Wongun Choi and
               Yuanqing Lin and
               Silvio Savarese},
  title     = {Subcategory-aware Convolutional Neural Networks for Object Proposals
               and Detection},
  journal   = {CoRR},
  volume    = {abs/1604.04693},
  year      = {2016},
  url       = {http://arxiv.org/abs/1604.04693},
  archivePrefix = {arXiv},
  eprint    = {1604.04693},
  timestamp = {Wed, 07 Jun 2017 14:43:13 +0200},
  biburl    = {https://dblp.org/rec/bib/journals/corr/XiangCLS16},
  bibsource = {dblp computer science bibliography, https://dblp.org}
}


@ARTICLE{5255236, 
author={P. F. Felzenszwalb and R. B. Girshick and D. McAllester and D. Ramanan}, 
journal={IEEE Transactions on Pattern Analysis and Machine Intelligence}, 
title={Object Detection with Discriminatively Trained Part-Based Models}, 
year={2010}, 
volume={32}, 
number={9}, 
pages={1627-1645}, 
keywords={data mining;iterative methods;object detection;object recognition;support vector machines;PASCAL object detection;data mining;discriminative trained part-based models;iterative training algorithm;latent SVM objective function;margin-sensitive approach;multiscale deformable part models;object detection system;object recognition;support vector machine;Object recognition;deformable models;discriminative training;latent SVM.;pictorial structures;Algorithms;Artificial Intelligence;Discriminant Analysis;Image Enhancement;Image Interpretation, Computer-Assisted;Imaging, Three-Dimensional;Pattern Recognition, Automated;Reproducibility of Results;Sensitivity and Specificity}, 
doi={10.1109/TPAMI.2009.167}, 
ISSN={0162-8828}, 
month={Sept},}

@mastersthesis{novakmaster2017, 
author = {Novak, Libor}, 
title = {Vehicle Detection and Pose Estimation for Autonomous
Driving}, 
school = {Czech Technical University in Prague}, 
year = 2017, 
}

@mastersthesis{erino397fregu856master2018, 
author = {Gustafsson, Fredrik and Linder-NorÃ©n, 
Erik}, 
title = {Automotive 3D Object Detection Without 
Target Domain Annotations}, 
school = {LinkÃ¶ping University}, 
year = 2018, 
}

@INPROCEEDINGS{8088147, 
author={S. L. Yu and T. Westfechtel and R. Hamada and K. Ohno and S. Tadokoro}, 
booktitle={2017 IEEE International Symposium on Safety, Security and Rescue Robotics (SSRR)}, 
title={Vehicle detection and localization on bird's eye view elevation images using convolutional neural network}, 
year={2017}, 
volume={}, 
number={}, 
pages={102-109}, 
keywords={image colour analysis;image segmentation;image sensors;neural nets;object detection;optical radar;road vehicles;traffic engineering computing;LIDAR sensor;autonomous vehicles;bird's eye view elevation images;bounding box;common RGB image;common RGB image-based detection networks;convolutional neural network;ground coordinates;point cloud data;three channel representation;vehicle detection;Detectors;Feature extraction;Laser radar;Proposals;Three-dimensional displays;Vehicle detection}, 
doi={10.1109/SSRR.2017.8088147}, 
ISSN={}, 
month={Oct},}

@online{2dobject,
  title =        "The best performance of 2D car detection in KITTI",
  url =          "http://www.cvlibs.net/datasets/kitti/eval_object_detail.php?&result=401bb061fa4951544f4f3b766d6431cdf8286f7e",
  lastaccessed = "June 26, 2018",
 OPTorganization = {"KIT", "TTIC", "MPIIS"}
}


@ARTICLE{2018arXiv180504902M,
   author = {{Minemura}, K. and {Liau}, H. and {Monrroy}, A. and {Kato}, S.
	},
    title = "{LMNet: Real-time Multiclass Object Detection on CPU using 3D LiDAR}",
  journal = {ArXiv e-prints},
archivePrefix = "arXiv",
   eprint = {1805.04902},
 primaryClass = "cs.CV",
 keywords = {Computer Science - Computer Vision and Pattern Recognition},
     year = 2018,
    month = may,
   adsurl = {http://adsabs.harvard.edu/abs/2018arXiv180504902M},
  adsnote = {Provided by the SAO/NASA Astrophysics Data System}
}


@inproceedings{paszke2017automatic,
  title={Automatic differentiation in PyTorch},
  author={Paszke, Adam and Gross, Sam and Chintala, Soumith and Chanan, Gregory and Yang, Edward and DeVito, Zachary and Lin, Zeming and Desmaison, Alban and Antiga, Luca and Lerer, Adam},
  booktitle={NIPS-W},
  year={2017}
}

















